@article{p2,
 author= {Schaeffer, Elisa},
 title = {Práctica 2: autómata celular},
 year = {2021},
 month = {Febrero},
 note= "\url{https://elisa.dyndns-web.com/teaching/comp/par/p2.html}"
 }
 
 @article{RStudio,
 author= { Allaire, Joseph J.},
 title = {RStudio},
 year = {2021},
 month = {Febrero},
 note= "\url{https://rstudio.com}"
 }
 
 @article{gitadrian,
 author= {Garcia, Jose A.},
 title = {},
 year = {2021},
 month = {Febrero},
 note= "\url{https://github.com/fuentesadrian/SIMULACION-DE-NANOMATERIALES/tree/main/Tarea%202}"
 }
 
 @article{p2Git,
 author= {Schaeffer, Elisa},
 title = {gameoFlife.R},
 year = {2021},
 month = {Febrero},
 note= "\url{https://github.com/fuentesadrian/Simulation/blob/master/CellularAutomata/gameOfLife.R}"
 }
 
 
 @article{Git,
 author= {Schaeffer, Elisa},
 title = {CellularA
 utomata},
 year = {2021},
 month = {Febrero},
 note= "\url{https://github.com/fuentesadrian/Simulation/tree/master/CellularAutomata}"
 }
 
 @article{git1sec,
 author= {Garcia, Jose A.},
 title = {},
 year = {2021},
 month = {Febrero},
 note= "\url{https://github.com/fuentesadrian/SIMULACION-DE-NANOMATERIALES/blob/main/Tarea%202/codigoseparado.r}"
 
 }
 
 @article{gif,
 author= {Garcia, Jose A.},
 title = {},
 year = {2021},
 month = {Febrero},
 note= "\url{https://github.com/fuentesadrian/SIMULACION-DE-NANOMATERIALES/blob/main/Tarea%202/automatacellular.gif}"
 }