@article{RStudio,
 author= { Allaire, Joseph J.},
 title = {RStudio},
 year = {2021},
 month = {Marzo},
 note= "\url{https://rstudio.com}"
 }
 
 @article{gitadrian,
 author= {Garcia, Jose A.},
 title = {},
 year = {2021},
 month = {Marzo},
 note= "\url{https://github.com/fuentesadrian/SIMULACION-DE-NANOMATERIALES/tree/main/Tarea%204}"
 }
 
 @article{p3,
 author= {Schaeffer, Elisa},
 title = {Práctica 4: Diagramas de Voronoi},
 year = {2021},
 month = {Marzo},
 note= "\url{https://elisa.dyndns-web.com/teaching/comp/par/p4.html}"
 }
 
  @article{p3gitdr,
 author= {Schaeffer, Elisa},
 title = {Práctica 4 Diagramas de Voronoi},
 year = {2021},
 month = {Marzo},
 note= "\url{https://github.com/fuentesadrian/Simulation/tree/master/VoronoiDiagrams}"
 }
 
 @article{1,
 author= {Cheong, Otfried},
 title = {Computational Geometry: Algorithms and Applications},
 year = {2008},
 month = {Marzo},
 note= {Recuperado el 05 de marzo del 2021}
 }
 }