
@article{ejemplo,
 author= {Schaeffer, Elisa},
 title = {Pr√°ctica 1: Movimiento Browniano},
 year = {2021},
 month = {Febrero},
 note= "\url{https://elisa.dyndns-web.com/teaching/comp/par/p1.html}"
 }
 
 @article{git,
 author= {Schaeffer, Elisa},
 title = {brownian motion},
 year = {2021},
 month = {Febrero},
 note= "\url{https://github.com/satuelisa/Simulation/tree/master/BrownianMotion}"
 }
 
 @article{caminata,
 author= {Schaeffer, Elisa},
 title = {caminata.r},
 year = {2021},
 month = {Febrero},
 note= "\url {https://github.com/satuelisa/Simulation/blob/master/BrownianMotion/caminata.R}"
 }
 
 @article{distance,
 author= {Schaeffer, Elisa},
 title = {distance.r},
 year = {2021},
 month = {Febrero},
 note= "\url {https://github.com/satuelisa/Simulation/blob/master/BrownianMotion/distance.R}"
 }
 
 @article{rstudio,
 author= { Allaire, Joseph J.},
 title = {RStudio},
 year = {2021},
 month = {Febrero},
 note= "\url{https://rstudio.com}"
 }
 
 @article{gitadrian,
 author= {Garcia, Jose A.},
 title = {},
 year = {2021},
 month = {Febrero},
 note= "\url{https://github.com/fuentesadrian/SIMULACION-DE-NANOMATERIALES/tree/main/Tarea%201}"
 }
 
 @article{parallel,
 author= {Schaeffer, Elisa},
 title = {Parallel.r},
 year = {2021},
 month = {Febrero},
 note= "\url{https://github.com/satuelisa/Simulation/blob/master/BrownianMotion/parallel.R}"
 }