 @article{gitadrian,
 author= {Garcia, Jose A.},
 title = {},
 year = {2021},
 month = {Marzo},
 note= "\url{https://github.com/fuentesadrian/SIMULACION-DE-NANOMATERIALES/tree/main/Tarea%205}"
 }
 
 @article{p5,
 author= {Schaeffer, Elisa},
 title = {Práctica 5: Método Monte-Carlo},
 year = {2021},
 month = {Marzo},
 note= "\url{https://elisa.dyndns-web.com/teaching/comp/par/p5.html}"
 }
 
  @article{p3gitdr,
 author= {Schaeffer, Elisa},
 title = {Práctica 5: Método Monte-Carlo},
 year = {2021},
 month = {Marzo},
 note= "\url{https://github.com/fuentesadrian/Simulation/tree/master/MonteCarlo}"
 }
 
 @article{1,
 author= {Cheong, Otfried},
 title = {Computational Geometry: Algorithms and Applications},
 year = {2008},
 month = {Marzo},
 note= {Recuperado el 05 de marzo del 2021}
 }
 }
 
 @article{RStudio,
 author= { Allaire, Joseph J.},
 title = {RStudio},
 year = {2021},
 month = {Marzo},
 note= "\url{https://rstudio.com}"
 }
 
  @article{montecarlo,
 author= {Peña Sanchez, Daniel.},
 title = {Deducción de distribuciones: el Método de Monte Carlo},
 year = {Madrid},
 month = {Fundamentos de estadistica},
 note= {Recuperado el 15 de marzo del 2021}
 }
 
 @article{kurt,
     title = {Aplicación de la técnica de simulación Monte Carlo},
     author = { Pérez, P.},
  url = {https://www.famaf.unc.edu.ar/~pperez1/manuales/cim/cap6.html},
     year = 2018
}
@article{color,
author={H. Weller},
year=2019,
title={Introduction to countcolors package},
url={https://cran.r-project.org/web/packages/countcolors/vignettes/Introduction.html}
}