@misc{gitadrian,
 author= {Garcia, Jose A.},
 title = {},
 year = {2021},
 month = {junio},
 note= "\url{https://github.com/fuentesadrian/SIMULACION-DE-NANOMATERIALES/tree/main/Tarea%2012}"
 }
 
 @misc{p10,
 author= {Schaeffer, Elisa},
 title = {Práctica 12: red neuronal},
 year = {2021},
 month = {junio},
 note= "\url{https://https://elisa.dyndns-web.com/teaching/comp/par/p12.html}"
 }
 
@misc{p3gitdr,
 author= {Schaeffer, Elisa},
 title = {Práctica 12: red neuronal},
 year = {2021},
 month = {junio},
 note= "\url{https://github.com/satuelisa/Simulation/tree/master/NeuralNetwork}"
 }
 
@misc{1,
 author= {Cheong, Otfried},
 title = {Computational Geometry: Algorithms and Applications},
 year = {2008},
 month = {junio},
 note= {Recuperado el 13 de mayo del 2021}
 }

 
@misc{RStudio,
 author= { Allaire, Joseph J.},
 title = {RStudio},
 year = {2021},
 month = {junio},
 note= "\url{https://rstudio.com}"
 }
 
 @misc{gitadrian,
 author= {Garcia, Jose A.},
 title = {},
 year = {2021},
 month = {junio},
 note= "\url{https://github.com/fuentesadrian/SIMULACION-DE-NANOMATERIALES/tree/main/Tarea%202}"
 }
 
 @misc{p3,
 author= {Schaeffer, Elisa},
 title = {Práctica 3: teoría de colas},
 year = {2021},
 month = {junio},
 note= "\url{https://elisa.dyndns-web.com/teaching/comp/par/p3.html}"
 }
 
  @misc{p3gitdr,
 author= {Schaeffer, Elisa},
 title = {Práctica 3: teoría de colas},
 year = {2021},
 month = {junio},
 note= "\url{https://github.com/fuentesadrian/Simulation/blob/master/QueuingTheory/ordering.R}"
 }
