@misc{R,
author={The {R} {F}oundation},
year=2021,
title={The {R} {P}roject for {S}tatistical {C}omputing},
url={https://www.r-project.org/}
}


@misc{a1,
title={ Alimentos reducidos en grasas: La ciencia compleja del desarrollo de estrategias basadas en la dieta para abordar el sobrepeso y la obesidad, Avances en la nutrición},
  author={David J. McClements},
  journal={Oxford Academic},
  volume={6},
  number={3},
  pages={338S--352S},
  year={2015},
  publisher={advances in nutrition an international review journal}
  url= {DOI={10.3945/an.114.006999}}
}

@misc{a2,
title={Distribución del tamaño de los cristales (CSD) y evolución de la textura de la apatita accesoria, la titanita y la allanita durante las cuatro etapas del metamorfismo: un ejemplo del supergrupo Moine},
  author={A. ZEH},
  journal={Journal of Petrology},
  volume={45},
  number={10},
  pages={2101--2132},
  year={2004},
  publisher={Escocia}
  DOI={10.1093/petrology/egh049}
}

@misc{a3,
title={Cristalización inducida por descompresión en masas fundidas ricas en sílice hidratada: modelos empíricos de cinética de crecimiento y nucleación experimental de plagioclasa},
  author={Edith Mollard, Caroline Martel, Jean-Louis Bourdier},
  journal={Journal of Petrology},
  volume={53},
  number={8},
  pages={1743–1766},
  year={2012},
  publisher={}
  DOI={10.1093/petrology/egs031}
}


@misc{a4,
title={Comprensión teórica de la estabilidad de los catalizadores de un solo átomo},
  author={Jin-Cheng Liu, Yan Tang, Yang-Gang Wang, Tao Zhang, Jun Li},
  journal={National Science Review},
  volume={5},
  number={5},
  pages={638–641},
  year={2018},
  publisher={}
  DOI={10.1093/nsr/nwy094}
}

@misc{a5,
title={Desequilibrios químicos, espesor litosférico y la fuente de los basaltos de las islas oceánicas},
  author={Christopher J Grose, Juan C Afonso},
  journal={Journal of Petrology},
  volume={60},
  number={4},
  pages={755–790},
  year={2019},
  publisher={}
  DOI={10.1093/ petrología / egz012}
}

@misc{a6,
title={Serie en capas de Skaergaard. Parte II. Flujo magmático y estratificación dinámica},
  author={Alexander R. McBirney, Adolphe Nicolas},
  journal={Journal of Petrology},
  volume={38},
  number={5},
  pages={569–580},
  year={1997},
  publisher={}
  DOI={10.1093/petroj/38.5.569}
}


@misc{a7,
title={Multiple Reinjections and Crystal-mush Compaction in the Beacon Sill, McMurdo Dry Valles, Antarctica},
  author={MJ Zieg, BD Marsh},
  journal={Journal of Petrology},
  volume={53},
  number={12},
  pages={2567–2591},
  year={2012},
  publisher={}
  DOI={10.1093/petrología/egs059}
}

@misc{a8,
title={On the Interpretation of Crystal Size Distributions in Magmatic Systems},
  author={Bruce D. Marsh},
  journal={Journal of Petrology},
  volume={39},
  number={4},
  pages={553–599},
  year={1998},
  publisher={}
  DOI={10.1093/petroj/39.4.553}
}

@misc{a9,
title={Procesos de solidificación de magma debajo del volcán Kilauea, Hawái: un estudio cuantitativo de texturas y geoquímicas de las lavas de Mauna Ulu de 1969-1974},
  author={Nicolas Vinet, Michael D. Higgins},
  journal={Journal of Petrology},
  volume={51},
  number={6},
  pages={1297-1332},
  year={2010},
  publisher={}
  DOI={10.1093/petrology/egq020}
}

@misc{a10,
title={Crystallization of Interstitial Liquid and Latent Heat Buffering in Solidifying Gabbros: Skaergaard Intrusion},
  author={Olivier Namur, Madeleine CS Humphreys, Marian B. Holness},
  journal={Journal of Petrology},
  volume={55},
  number={7},
  pages={1389–1427},
  year={2014},
  publisher={Greenland}
  DOI={10.1093/petrology/egu028}
}

@misc{a11,
title={comparación con la luteína en polvo, una nanoemulsión de luteína aumenta el plasma y Liver Lutein, Protects Against Hepatic Steatosis, and Affects Lipoprotein Metabolism in Guinea Pigs},
  author={Ana Gabriela Murillo, David Aguilar, Gregory H Norris, Diana M DiMarco, Amanda Missimer, Siqi Hu, Joan A Smyth, Sarah Gannon, Christopher N Blesso, Yangchao Luo, Maria Luz Fernandez},
  journal={The Journal of Nutrition},
  volume={146},
  number={10},
  pages={1961–1969},
  year={2016},
  publisher={}
  DOI={10.3945/jn.116.235374}
}

@misc{a12,
title={Producción a gran escala de nanopartículas magnéticas mediante fermentación bacteriana},
  author={Ji-Won Moon, Claudia J Rawn, Adam J Rondinone, Lonnie J Love, Yul Roh, S Michelle Everett, Robert J Lauf, Tommy J Phelps},
  journal={Journal of Industrial Microbiology and Biotechnology},
  volume={37},
  number={10},
  pages={1023–1031},
  year={2010},
  publisher={}
  DOI={10.1007/s10295-010-0749-y}
}

@misc{a13,
title={Uso del análisis cuantitativo de texturas para comprender la ubicación de lacolitos riolíticos de nivel superficial: un estudio de caso del complejo volcánico Halle},
  author={A. MOCK, DA JERRAM, C. BREITKREUZ},
  journal={Journal of Petrology},
  volume={44},
  number={5},
  pages={833–849},
  year={2010},
  publisher={Alemania}
  DOI={10.1093/petrology/44.5.833}
}

@misc{a14,
title={Can Micelles Mediate a Mass Transfer between Oil Droplets?},
  author={lexey S. Kabalnov. Langmuir },
  journal={Journal of Petrology},
  volume={10},
  number={3},
  pages={680–684},
  year={1994},
  publisher={}
   note= "\url{DOI={10.1021/la00015a015}"
}

@misc{a15,
title={Estudio de la estabilidad y evolución de emulsiones del tipo O/W mediante calorimetría diferencial de barrido (dsc) y dispersión dinámica de luz},
  author={Liliana Alejandra Hernandez},
  journal={},
  volume={},
  number={},
  pages={},
  year={2009},
  publisher={}
  DOI={}
}
 
  @misc{p7,
 author= {Schaeffer, Elisa},
 title = {Práctica 9: Interacciones entre partículas},
 year = {2021},
 month = {mayo},
 note= "\url{https://elisa.dyndns-web.com/teaching/comp/par/p9.html}"
 }
 
 @misc{p1,
 author= {Schaeffer, Elisa},
 title = {Práctica 1: Movimiento Browniano},
 year = {2021},
 month = {mayo},
 note= "\url{https://elisa.dyndns-web.com/teaching/comp/par/p1.html}"
 }
