@article{ejemplo,
 author= {Jose Adrian Garcia},
 title = {Aprendiendo simulacion},
 journal ={revista nanotecnolog√≠ca},
 year = 2021,
 volume = 1,
 number = 1,
 pages = {12--18},
 doi= {10.3213/lolno}
 }


