@article{RStudio,
 author= { Allaire, Joseph J.},
 title = {RStudio},
 year = {2021},
 month = {abril},
 note= "\url{https://rstudio.com}"
 }
 
 @article{gitadrian,
 author= {Garcia, Jose A.},
 title = {},
 year = {2021},
 month = {abril},
 note= "\url{https://github.com/fuentesadrian/SIMULACION-DE-NANOMATERIALES/tree/main/Tarea%209}"
 }
 
 @article{p7,
 author= {Schaeffer, Elisa},
 title = {Práctica 9: Interacciones entre partículas},
 year = {2021},
 month = {abril},
 note= "\url{https://elisa.dyndns-web.com/teaching/comp/par/p9.html}"
 }
 
  @article{GITSCHAEFFER,
 author= {Schaeffer, Elisa},
 title = {Práctica 9: Interacciones entre partículas},
 year = {2021},
 month = {abril},
 note= "\url{https://github.com/fuentesadrian/Simulation/tree/master/LocalSearch}"
 }
