@article{gitadrian,
 author= {Garcia, Jose A.},
 title = {},
 year = {2021},
 month = {Marzo},
 note= "\url{https://github.com/fuentesadrian/SIMULACION-DE-NANOMATERIALES/tree/main/Tarea%206}"
 }
 
 @article{p5,
 author= {Schaeffer, Elisa},
 title = {Práctica 6: Sistema multiagente},
 year = {2021},
 month = {Marzo},
 note= "\url{https://https://elisa.dyndns-web.com/teaching/comp/par/p6.html}"
 }
 
  @article{p3gitdr,
 author= {Schaeffer, Elisa},
 title = {Práctica 6: Sistema multiagente},
 year = {2021},
 month = {Marzo},
 note= "\url{https://github.com/fuentesadrian/Simulation/tree/master/MultiAgent}"
 }
 
 @article{1,
 author= {Cheong, Otfried},
 title = {Computational Geometry: Algorithms and Applications},
 year = {2008},
 month = {Marzo},
 note= {Recuperado el 05 de marzo del 2021}
 }
 }
 
 @article{RStudio,
 author= { Allaire, Joseph J.},
 title = {RStudio},
 year = {2021},
 month = {Marzo},
 note= "\url{https://rstudio.com}"
 }
 
  @article{montecarlo,
 author= {Peña Sanchez, Daniel.},
 title = {Deducción de distribuciones: el Método de Monte Carlo},
 year = {Madrid},
 month = {Fundamentos de estadistica},
 note= {Recuperado el 15 de marzo del 2021}
 }
 
 @article{kurt,
     title = {Aplicación de la técnica de simulación Monte Carlo},
     author = { Pérez, P.},
       year = {2018},
note= "\url{https://www.famaf.unc.edu.ar/~pperez1/manuales/cim/cap6.html}",
}
@article{color,
author={H. Weller},
title={Introduction to countcolors package},
year={2019},
note= "\url{https://cran.r-project.org/web/packages/countcolors/vignettes/Introduction.html}"
}

@article{gif,
author={Garcia, Adrian},
title={archivo gif},
year={2021},
note= "\url{https://github.com/fuentesadrian/SIMULACION-DE-NANOMATERIALES/blob/main/Tarea%206/animation.gif}"
}

 @article{gitvazquez,
 author= {Vazquez, fabiola},
 title = {Práctica 6: Sistema multiagente},
 year = {2021},
 month = {Marzo},
 note= "\url{https://github.com/fvzqa/Simulacion}"
 }